%
% BibTex Database
% ===========================================================================
% This is part of the document "Project documentation template".
% Authors: brd3
%

@book{voxels,
	author = {Arie E. Kaufmann},
	title = {Voxels as a Computational Representation of Geometry},
	publisher = {State University of New York at Stony Brook},
	year = {1994},
	url = {https://pdfs.semanticscholar.org/84d4/0dbadd6a0b25ffe7f46844e9a2636285b949.pdf}
}

@booklet{GPU-Voxels,
  title = {Unified GPU Voxel Collision Detection for Mobile Manipulation Planning},
  author = {A. Hermann and F. Drews and J. Bauer and S. Klemm and A. Roennau and R. Dillmann},
  year = {2014},
  institution = {FZI Forschungszentrum Informatik},
  url = {http://www.gpu-voxels.org}
}

@misc{fig:pc,
  title = {PDEs and Variational Method on 3-D Surfaces and Point Clouds},
  url = {https://elmoatazbill.users.greyc.fr/point_cloud/index.html},
}

@unpublished{work_desc,
	author = {S. Rochat and G. Gruener},
	title = {Rob195 Work description},
 url = {https://gitlab.ti.bfh.ch/roboticsLab/Thesis/2019/R195/Documents/blob/master/spec/BFH-Rob195-Work_Specification.pdf},
}

@misc{fig:frontpage,
	title = {Process Engineering},
	url = {http://processengineering.co.uk/article/2020966/fanuc-extends-cobot},
}

@misc{fig:octree,
	title = {Octree},
	url = {https://cvlab.epfl.ch/research/page-90589-en-html/research-completed-medical-8tree-index-php/},
}
@misc{KOMA,
  title = {{KOMAScript} documentation project},
  url = {http://koma-script.net.tf},
  key = {KOMA}
}

@ARTICLE{hornung13auro,
	author = {Armin Hornung and Kai M. Wurm and Maren Bennewitz and Cyrill
	Stachniss and Wolfram Burgard},
	title = {{OctoMap}: An Efficient Probabilistic {3D} Mapping Framework Based
	on Octrees},
	journal = {Autonomous Robots},
	year = 2013,
	url = {http://octomap.github.com},
	doi = {10.1007/s10514-012-9321-0},
	note = {Software available at \url{http://octomap.github.com}}
}

@InProceedings{Rusu_ICRA2011_PCL,
	author    = {Radu Bogdan Rusu and Steve Cousins},
	title     = {{3D is here: Point Cloud Library (PCL)}},
	booktitle = {{IEEE International Conference on Robotics and Automation (ICRA)}},
	month     = {May 9-13},
	year      = {2011},
	address   = {Shanghai, China}
}

@article{sucan2012the-open-motion-planning-library,
	Author = {Ioan A. {\c{S}}ucan and Mark Moll and Lydia E. Kavraki},
	Doi = {10.1109/MRA.2012.2205651},
	Journal = {{IEEE} Robotics \& Automation Magazine},
	Month = {December},
	Number = {4},
	Pages = {72--82},
	Title = {The {O}pen {M}otion {P}lanning {L}ibrary},
	Note = {\url{http://ompl.kavrakilab.org}},
	Volume = {19},
	Year = {2012}
}

@online{robotiq,
	author = {Mathieu B\'elanger-Barrette},
	title = {What Does Collaborative Robot Mean ?},
	date = {19.08.2015},
	url = {https://blog.robotiq.com/what-does-collaborative-robot-mean},
}

@online{Fanuc,
	title = {Collaborative robot CR-35iA },
	url = {https://www.fanuc.eu/ch/en/robots/robot-filter-page/collaborative-robots/collaborative-cr35ia},
	OPTorganization = {Fanuc},
	OPTurldate = {01.07.2019},
}

@online{Asus,
	title = {Xtion PRO LIVE},
	url = {https://www.asus.com/3D-Sensor/Xtion_PRO_LIVE/},
	OPTorganization = {Asus},
	OPTurldate = {01.07.2019},
}

@online{NX,
	title = {NX},
	url = {https://www.plm.automation.siemens.com/global/en/products/nx/},
	OPTorganization = {Siemens},
	OPTurldate = {01.07.2019},
}

@online{Item,
	title = {Item},
	url = {https://www.item24.ch/en/},
	OPTorganization = {item},
	OPTurldate = {01.07.2019},
}

@report{cameraInterference,
	author = {Roberto Mart\'in Mart\'in and Malte Lorbach and Oliver Brock},
	title = {Deterioration  of  Depth  Measurements due  to  Interference  of  Multiple  RGB-D  Sensors},
	institution = {Robotics and Biology Laboratory, Technische Universit ̈at Berlin},
	date = {2013},
	OPTurl = {http://www.robotics.tu-berlin.de/fileadmin/fg170/Publikationen_pdf/martinmartin_14_ki_iros.pdf},
}

@online{pilz,
	title = {Pilz, the spirit of safety},
	url = {https://www.pilz.com/en-INT/eshop/00106002207042/SafetyEYE-Safe-camera-system},
	OPTorganization = {Pilz},
	OPTurldate = {01.07.2019},
}

@book{refman,
	author = {anonymous},
	title = {FANUC Robotics SYSTEM R-30iA and R-30iB Controller KAREL Reference Manual MARRC75KR07091E Rev G},
	date = {2013},
	OPTpages = {11-1 – 11-16 },
}




