%
% BibTex Database
% ===========================================================================
% This is part of the document "Project documentation template".
% Authors: brd3
%

@book{voxels,
	author = {Arie E. Kaufmann},
	title = {Voxels as a Computational Representation of Geometry},
	publisher = {State University of New York at Stony Brook},
	year = {1994},
	url = {https://pdfs.semanticscholar.org/84d4/0dbadd6a0b25ffe7f46844e9a2636285b949.pdf}
}

@booklet{GPU-Voxels,
  title = {Unified GPU Voxel Collision Detection for Mobile Manipulation Planning},
  author = {A. Hermann, F. Drews, J. Bauer, S. Klemm, A. Roennau and R. Dillmann},
  year = {2014},
  institution = {FZI Forschungszentrum Informatik},
  url = {http://www.gpu-voxels.org}
}

@misc{fig:pc,
  title = {PDEs and Variational Method on 3-D Surfaces and Point Clouds},
  url = {https://elmoatazbill.users.greyc.fr/point_cloud/index.html},
}

@unpublished{work_desc,
	author = {Bfh TI and G. Gruener},
	title = {Rob195 Work description},
 {https://gitlab.ti.bfh.ch/roboticsLab/Thesis/2019/R195/Documents/blob/master/spec/BFH-Rob195-Work_Specification.pdf},
}

@unpublished{motion,
	author = {Bfh TI and N. Sutter},
	title = {MotionServer.kl},
	{https://gitlab.ti.bfh.ch/roboticsLab/RD/SSF/RobotController/blob/devel/Robotguide/Karel/MotionServer.kl},
}

@misc{fig:frontpage,
	title = {Process Engineering},
	url = {http://processengineering.co.uk/article/2020966/fanuc-extends-cobot},
}

@misc{fig:octree,
	title = {Octree},
	url = {https://cvlab.epfl.ch/research/page-90589-en-html/research-completed-medical-8tree-index-php/},
}
@misc{KOMA,
  title = {{KOMAScript} documentation project},
  url = {http://koma-script.net.tf},
  key = {KOMA}
}

@ARTICLE{hornung13auro,
	author = {Armin Hornung and Kai M. Wurm and Maren Bennewitz and Cyrill
	Stachniss and Wolfram Burgard},
	title = {{OctoMap}: An Efficient Probabilistic {3D} Mapping Framework Based
	on Octrees},
	journal = {Autonomous Robots},
	year = 2013,
	url = {http://octomap.github.com},
	doi = {10.1007/s10514-012-9321-0},
	note = {Software available at \url{http://octomap.github.com}}
}

@InProceedings{Rusu_ICRA2011_PCL,
	author    = {Radu Bogdan Rusu and Steve Cousins},
	title     = {{3D is here: Point Cloud Library (PCL)}},
	booktitle = {{IEEE International Conference on Robotics and Automation (ICRA)}},
	month     = {May 9-13},
	year      = {2011},
	address   = {Shanghai, China}
}

@article{sucan2012the-open-motion-planning-library,
	Author = {Ioan A. {\c{S}}ucan and Mark Moll and Lydia E. Kavraki},
	Doi = {10.1109/MRA.2012.2205651},
	Journal = {{IEEE} Robotics \& Automation Magazine},
	Month = {December},
	Number = {4},
	Pages = {72--82},
	Title = {The {O}pen {M}otion {P}lanning {L}ibrary},
	Note = {\url{http://ompl.kavrakilab.org}},
	Volume = {19},
	Year = {2012}
}